semaphores
@inproceedings{mullender2008semaphores,
  title={Semaphores in Plan 9},
  author={Mullender, Sape and Cox, Russ},
  booktitle={3rd International Workshop on Plan},
  volume={9},
  pages={53--61},
  year={2008}
}